<collection xmlns="http://www.loc.gov/MARC21/slim">
<record>
  <leader>01215nam0a22002531i 450 </leader>
  <controlfield tag="001">IT\ICCU\CNCE\048619</controlfield>
  <controlfield tag="005">20091116000000.0</controlfield>
  <datafield tag="100" ind1=" " ind2=" ">
    <subfield code="a">19990513f1564        0itac0103    ba</subfield>
  </datafield>
  <datafield tag="101" ind1=" " ind2=" ">
    <subfield code="a">LAT</subfield>
  </datafield>
  <datafield tag="102" ind1=" " ind2=" ">
    <subfield code="a">IT</subfield>
  </datafield>
  <datafield tag="200" ind1="1" ind2=" ">
    <subfield code="a">Bulla s.d.n.d. Pii diuina prouidentia papae quarti super residentia praelatorum, parochialium, &amp; aliorum curam animarum habentium, &amp; residere debentium</subfield>
  </datafield>
  <datafield tag="210" ind1=" " ind2=" ">
    <subfield code="d">\1564?!</subfield>
  </datafield>
  <datafield tag="215" ind1=" " ind2=" ">
    <subfield code="a">\2! c.</subfield>
    <subfield code="d">fol</subfield>
  </datafield>
  <datafield tag="300" ind1=" " ind2=" ">
    <subfield code="a">E&apos; id. 42049Contiene: Motus proprius ... super executione concilii. - La data si ricava dal Datum della bolla: 25 novembre 1564. Stampata probabilmente a Roma da Antonio Blado</subfield>
  </datafield>
  <datafield tag="620" ind1=" " ind2=" ">
    <subfield code="a">IT</subfield>
    <subfield code="d">Roma</subfield>
  </datafield>
  <datafield tag="700" ind1=" " ind2="0">
    <subfield code="a">Pius</subfield>
    <subfield code="c"> &lt;papa</subfield>
    <subfield code="c"> ; 4.&gt;</subfield>
    <subfield code="3">IT\ICCU\CNCA\002203</subfield>
  </datafield>
  <datafield tag="712" ind1="0" ind2="0">
    <subfield code="a">Blado, Antonio</subfield>
    <subfield code="3">IT\ICCU\CNCT\000157</subfield>
    <subfield code="4">650</subfield>
  </datafield>
  <datafield tag="790" ind1=" " ind2="1">
    <subfield code="a">Medici,</subfield>
    <subfield code="b">Giovanni Angelo</subfield>
    <subfield code="3">IT\ICCU\CNCA\014648</subfield>
    <subfield code="z">Pius &lt;papa ; 4.&gt;</subfield>
  </datafield>
  <datafield tag="791" ind1="0" ind2="2">
    <subfield code="a">Antonio d&apos;Asola</subfield>
    <subfield code="3">IT\ICCU\CNCT\003628</subfield>
    <subfield code="z">Blado, Antonio</subfield>
  </datafield>
  <datafield tag="791" ind1="0" ind2="0">
    <subfield code="a">Bladus, Antonius</subfield>
    <subfield code="3">IT\ICCU\CNCT\004402</subfield>
    <subfield code="z">Blado, Antonio</subfield>
  </datafield>
  <datafield tag="791" ind1="0" ind2="0">
    <subfield code="a">Bladi, Antonio de</subfield>
    <subfield code="3">IT\ICCU\CNCT\004403</subfield>
    <subfield code="z">Blado, Antonio</subfield>
  </datafield>
  <datafield tag="801" ind1=" " ind2="3">
    <subfield code="a">IT</subfield>
    <subfield code="b">ICCU</subfield>
    <subfield code="c">20201115</subfield>
  </datafield>
  <datafield tag="899" ind1=" " ind2=" ">
    <subfield code="a">Biblioteca Apostolica Vaticana. Citt ̉del Vaticano</subfield>
    <subfield code="1">EX0001</subfield>
    <subfield code="2">ZCV 01</subfield>
  </datafield>
  <datafield tag="899" ind1=" " ind2=" ">
    <subfield code="a">Biblioteca universitaria Alessandrina. Roma</subfield>
    <subfield code="1">RM0280</subfield>
    <subfield code="2">RML 01</subfield>
  </datafield>
</record>
</collection>
